@article{introVariableFeatureSelection,
author = {Guyon, Isabelle and Elisseeff, Andr{\'e}},
title = {An Introduction to Variable and Feature Selection},
journal = {J. Mach. Learn. Res.},
volume = {3},
year = {2003},
pages = {1157---1182}
} 

@article{ladha2011feature,
  title={FEATURE SELECTION METHODS AND ALGORITHMS.},
  author={Ladha, L and Deepa, T},
  journal={International Journal on Computer Science \& Engineering},
  volume={3},
  number={5},
  year={2011}
}

@article{voron2008combprob,
  title = {Combinatorial probability and the tightness of generalization bounds},
  author = {Vorontsov K.},
  journal={Pattern Recognition and Image Analysis},
  volume={18},
  number={2},
  year={2008},
  pages = {243---259},
  language = {russian}
}

@ARTICLE{strijov2012rankscale,
  author = {Стрижов, В. В. and Кузнецов, М. П. and Рудаков, К. В.},
  title = {Метрическая кластеризация последовательностей аминокислотных остатков в ранговых шкалах},
  journal = {Математическая биология и биоинформатика},
  year = {2012},
  volume = {7},
  pages = {345-359},
  number = {1},
  language = {russian}
}

@inproceedings{yu2003feature,
  title={Feature selection for high-dimensional data: A fast correlation-based filter solution},
  author={Yu, Lei and Liu, Huan},
  booktitle={ICML},
  volume={3},
  pages={856--863},
  year={2003},
  address = {Washington D.C.}
}

@incollection{chen2006combining,
  title={Combining SVMs with various feature selection strategies},
  author={Chen, Yi-Wei and Lin, Chih-Jen},
  booktitle={Feature Extraction},
  pages={315--324},
  year={2006},
  publisher={Springer}
}

@inproceedings{john1994irrelevant,
  title={Irrelevant Features and the Subset Selection Problem.},
  author={John, George H and Kohavi, Ron and Pfleger, Karl and others},
  booktitle={ICML},
  volume={94},
  pages={121--129},
  year={1994}
}
 
@article{reviewFeatureSelectionOnSyntData,
  author    = {Bol{\'o}n-Canedo, Ver{\'o}nica and
               S{\'a}nchez-Maro{\~n}o, Noelia and
               Alonso-Betanzos, Amparo},
  title     = {A review of feature selection methods on synthetic data},
  journal   = {Knowl. Inf. Syst.},
  volume    = {34},
  number    = {3},
  year      = {2013},
  pages     = {483-519}
}

@book{seber2012linear,
  title={Linear Regression Analysis},
  author={Seber, G.A.F. and Lee, A.J.},
  series={Wiley Series in Probability and Statistics},
  year={2012},
  publisher={Wiley}
}


@article{somol2010efficient,
  title={Efficient feature subset selection and subset size optimization},
  author={Somol, Petr and Novovicov{\'a}, Jana and Pudil, Pavel},
  journal={Pattern Recognit Recent Adv},
  year={2010}
}

@article{multRegression,
author = {Askin, R. G.},
title = {Multicollinearity in regression: Review and examples.},
journal = {Journal of Forecasting},
year = {1982},
volume = {1},
number = {3},
pages = {281---292}
}

@Article{multBayesInterpret,
  author={Leamer, Edward E},
  title={Multicollinearity: A Bayesian Interpretation},
  journal={The Review of Economics and Statistics},
  year={1973},
  volume={55},
  number={3},
  pages={371-80}
}

@Article{SanduleanuFeatureSel,
author = {Sanduleanu L., Strijov V.},
title = {Feature selection for autoregressive forecasting},
journal = {Informational technologies},
year = {2012},
number = {6}
}

@techreport{multCausesEffectsRemedies,
  title={Multicollinearity: Causes, Effects and Remedies},
  author={Paul, Ranjit Kumar},
  year={2006},
  institution={Working paper, unknown date. Accessed Apr. 23, 2013, http://pb8.ru/7hy}
}

@ARTICLE{lasso,
    author = {Robert Tibshirani},
    title = {Regression Shrinkage and Selection Via the Lasso},
    journal = {Journal of the Royal Statistical Society, Series B},
    year = {1994},
    volume = {58},
    pages = {267--288}
}

@article{lars,
    author = {Efron, B. and Hastie, T. and Tibshirani, R.},
    title = {Least angle regression},
    journal = {Ann. Statist},
    year = {2004},
    pages = {407-499}
}

@book{stepwise,
  author = {Harrell, Frank E.},
  publisher = {Springer},
  title = {{Regression Modeling Strategies: With Applications to Linear Models, Logistic Regression, and Survival Analysis}},
  year = {2001}
}

@Article{ridge,
author = {El-Dereny, M. and Rashwan, N. I.},
title = { Solving multicollinearity problem using ridge regression models},
journal = {Int. Journal of Contemp. Math. Sciences},
year = {2011},
volume = {6},
pages = {585 --- 600}
}

@ARTICLE{elnet,
    author = {Zou, Hui and Hastie, Trevor },
    title = {Regularization and variable selection via the Elastic Net},
    journal = {Journal of the Royal Statistical Society, Series B},
    year = {2005},
    volume = {67},
    pages = {301--320}
}

@MISC{tests,
    author = {David Martin},
    title = {A Spreadsheet Tool for Learning the Multiple Regression F-test, t-tests, and Multicollinearity},
    year = {}
}

@article{Krymova,
  author = {Vadim, Strijov and Ekaterina, Krymova and Gerhard-Wilhelm, Weber},
  journal = {Mathematical and Computer Modelling},
  number = {1-2},
  pages = {50-56},
  title = {Evidence optimization for consequently generated models.},
  volume = 57,
  year = 2013
}

@article{performChong,
title = "Performance of some variable selection methods when multicollinearity is present ",
journal = "Chemometrics and Intelligent Laboratory Systems ",
volume = "78",
number = "1–2",
pages = "103 - 112",
year = "2005",
author = "Chong, Il-Gyo and Jun, Chi-Hyuck"
}

@book{belsley2005regression,
  title={Regression diagnostics: Identifying influential data and sources of collinearity},
  author={Belsley, David A and Kuh, Edwin and Welsch, Roy E},
  year={2005},
  publisher={John Wiley \& Sons},
  address = {New York}
}
